@book{neukirch2013algebraic,
  title={Algebraic Number Theory},
  author={Neukirch, J. and Schappacher, N.},
  isbn={9783662039830},
  series={Grundlehren der mathematischen Wissenschaften},
  year={2013},
  publisher={Springer Berlin Heidelberg}
}

@book{lemmermeyer2021quadratic,
  title={Quadratic Number Fields},
  author={Lemmermeyer, F.},
  isbn={9783030786519},
  series={Springer Undergraduate Mathematics Series},
  year={2021},
  publisher={Springer International Publishing}
}

@book{stewart2001algebraic,
  title={Algebraic Number Theory and Fermat's Last Theorem: Third Edition},
  author={Stewart, I. and Tall, D.},
  isbn={9781568811192},
  lccn={20036049},
  series={Ak Peters Series},
  year={2001},
  publisher={Taylor \& Francis}
}

@book{ireland1990classical,
  title={A Classical Introduction to Modern Number Theory},
  author={Ireland, K. and Rosen, M.I.},
  isbn={9780387973296},
  lccn={90009848},
  series={Graduate Texts in Mathematics},
  year={1990},
  publisher={Springer}
}

@book{lidl1997finite,
  title={Finite Fields},
  author={Lidl, R. and Niederreiter, H.},
  number={v. 20,pt. 1},
  isbn={9780521392310},
  lccn={96031467},
  series={EBL-Schweitzer},
  year={1997},
  publisher={Cambridge University Press}
}

@book{rosen2011elementary,
  title={Elementary Number Theory and Its Applications},
  author={Rosen, K.H.},
  isbn={9780321500311},
  lccn={2010002572},
  year={2011},
  publisher={Addison-Wesley}
}

@book{burton2006elementary,
  title={Elementary Number Theory},
  author={Burton, D.M.},
  isbn={9780070616073},
  year={2006},
  publisher={Tata McGraw-Hill Publishing Company Limited}
}